%% This BibTeX bibliography file was created using BibDesk.
%% http://bibdesk.sourceforge.net/


%% Created for Allan Coop at 2010-01-08 20:31:34 -0600 


%% Saved with string encoding Unicode (UTF-8) 



@article{L:1952fv,
	Author = {Hodgkin A L and Huxley A F},
	Date-Added = {2010-01-08 20:26:55 -0600},
	Date-Modified = {2010-01-08 20:28:30 -0600},
	Journal = {Journal of Physiology (Lond.)},
	Pages = {500--544},
	Title = {A quantative description of membrane current and its application to conduction and excitation in nerve},
	Volume = {117},
	Year = {1952}}

@incollection{Yamada-W:1989bs,
	Author = {Yamada W, Koch C and Adams P R},
	Booktitle = {From Synapses to Networks},
	Date-Added = {2010-01-08 19:55:29 -0600},
	Date-Modified = {2010-01-08 19:57:32 -0600},
	Editor = {Koch C and Segev I},
	Pages = {97--133},
	Publisher = {MA: MIT Press},
	Title = {Multiple channels and calcium dynamics},
	Year = {1989}}

@article{Spain-W-J:1987ij,
	Author = {Spain W J, Schwindt P C and Crill W E},
	Date-Added = {2010-01-08 19:52:23 -0600},
	Date-Modified = {2010-01-08 19:53:56 -0600},
	Journal = {Journal of Nerurophysiology},
	Pages = {1555--1576},
	Title = {Anomolous rectification in neurons from cat sensorimotor cortex in vitro},
	Volume = {57},
	Year = {1987}}

@article{E:1994hc,
	Author = {{De Schutter} E and Bower J M},
	Date-Added = {2010-01-08 17:16:04 -0600},
	Date-Modified = {2010-01-08 17:18:14 -0600},
	Journal = {Journal of Nerurophysiology},
	Pages = {401--419},
	Title = {An active membrane model of the cerebellar Purkinje cell {II}. Simulation of synaptic responses},
	Volume = {71},
	Year = {1994},
	Bdsk-File-1 = {YnBsaXN0MDDUAQIDBAUGCQpYJHZlcnNpb25UJHRvcFkkYXJjaGl2ZXJYJG9iamVjdHMSAAGGoNEHCFRyb290gAFfEA9OU0tleWVkQXJjaGl2ZXKoCwwXGBkdJCVVJG51bGzTDQ4PEBEUViRjbGFzc1dOUy5rZXlzWk5TLm9iamVjdHOAB6ISE4ACgAOiFRaABIAGWWFsaWFzRGF0YVxyZWxhdGl2ZVBhdGjSDRobHFdOUy5kYXRhgAVPEQGaAAAAAAGaAAIAAAlhZGNtb2JpbGUAAAAAAAAAAAAAAAAAAAAAAADBcTjpSCsAAAAH2S8YSk5ldXJvcGh5c2lvbC43MS40MDEucGRmAAAAAAAAAAAAAAAAAAAAAAAAAAAAAAAAAAAAAAAAAAAAAAAAAAAAAVSEkMdtEAYAAAAAAAAAAAAHAAIAAAkgAAAAAAAAAAAAAAAAAAAAB0Rlc2t0b3AAABAACAAAwXGNSQAAABEACAAAx21kZgAAAAEADAAH2S8AB9kkAABvGQACADphZGNtb2JpbGU6VXNlcnM6YWRjbW9iaWxlOkRlc2t0b3A6Sk5ldXJvcGh5c2lvbC43MS40MDEucGRmAA4AMgAYAEoATgBlAHUAcgBvAHAAaAB5AHMAaQBvAGwALgA3ADEALgA0ADAAMQAuAHAAZABmAA8AFAAJAGEAZABjAG0AbwBiAGkAbABlABIAMFVzZXJzL2FkY21vYmlsZS9EZXNrdG9wL0pOZXVyb3BoeXNpb2wuNzEuNDAxLnBkZgATAAEvAAAVAAIAEP//AADSHh8gIVgkY2xhc3Nlc1okY2xhc3NuYW1loyEiI11OU011dGFibGVEYXRhVk5TRGF0YVhOU09iamVjdF8QNS4uLy4uLy4uLy4uLy4uLy4uLy4uL0Rlc2t0b3AvSk5ldXJvcGh5c2lvbC43MS40MDEucGRm0h4fJieiJyNcTlNEaWN0aW9uYXJ5AAgAEQAaAB8AKQAyADcAOgA/AEEAUwBcAGIAaQBwAHgAgwCFAIgAigCMAI8AkQCTAJ0AqgCvALcAuQJXAlwCZQJwAnQCggKJApICygLPAtIAAAAAAAACAQAAAAAAAAAoAAAAAAAAAAAAAAAAAAAC3w==}}

@article{Bernander-O:1991tg,
	Author = {Bernander {\"O}, Douglas R J, Martin K A C and Koch C},
	Date-Added = {2010-01-08 15:52:37 -0600},
	Date-Modified = {2010-01-08 15:55:10 -0600},
	Journal = {Proceedings of the National Academy of Sciences},
	Pages = {11569--11573},
	Title = {Synaptic background activity influences spatiotemporal integration in single pyramidal cells},
	Volume = {88},
	Year = {1991}}

@article{Segev-I:1985kl,
	Author = {Segev I, Fleshman J W, Miller J P and Bunow B},
	Date-Added = {2010-01-08 15:02:26 -0600},
	Date-Modified = {2010-01-08 15:04:56 -0600},
	Journal = {Biological Cybernetics},
	Pages = {27--40},
	Title = {Modeling the electrical behavior of anatomically complex neurons using a network analysis program: Passive membrane},
	Volume = {53},
	Year = {1985},
	Bdsk-File-1 = {YnBsaXN0MDDUAQIDBAUGCQpYJHZlcnNpb25UJHRvcFkkYXJjaGl2ZXJYJG9iamVjdHMSAAGGoNEHCFRyb290gAFfEA9OU0tleWVkQXJjaGl2ZXKoCwwXGBkdJCVVJG51bGzTDQ4PEBEUViRjbGFzc1dOUy5rZXlzWk5TLm9iamVjdHOAB6ISE4ACgAOiFRaABIAGWWFsaWFzRGF0YVxyZWxhdGl2ZVBhdGjSDRobHFdOUy5kYXRhgAVPEQGKAAAAAAGKAAIAAAlhZGNtb2JpbGUAAAAAAAAAAAAAAAAAAAAAAADBcTjpSCsAAAAH2S8UQmlvbEN5YmVybi41My40MS5wZGYAAAAAAAAAAAAAAAAAAAAAAAAAAAAAAAAAAAAAAAAAAAAAAAAAAAAAAAAAAVSDusdtDrsAAAAAAAAAAAAHAAIAAAkgAAAAAAAAAAAAAAAAAAAAB0Rlc2t0b3AAABAACAAAwXGNSQAAABEACAAAx21jGwAAAAEADAAH2S8AB9kkAABvGQACADZhZGNtb2JpbGU6VXNlcnM6YWRjbW9iaWxlOkRlc2t0b3A6QmlvbEN5YmVybi41My40MS5wZGYADgAqABQAQgBpAG8AbABDAHkAYgBlAHIAbgAuADUAMwAuADQAMQAuAHAAZABmAA8AFAAJAGEAZABjAG0AbwBiAGkAbABlABIALFVzZXJzL2FkY21vYmlsZS9EZXNrdG9wL0Jpb2xDeWJlcm4uNTMuNDEucGRmABMAAS8AABUAAgAQ//8AANIeHyAhWCRjbGFzc2VzWiRjbGFzc25hbWWjISIjXU5TTXV0YWJsZURhdGFWTlNEYXRhWE5TT2JqZWN0XxAxLi4vLi4vLi4vLi4vLi4vLi4vLi4vRGVza3RvcC9CaW9sQ3liZXJuLjUzLjQxLnBkZtIeHyYnoicjXE5TRGljdGlvbmFyeQAIABEAGgAfACkAMgA3ADoAPwBBAFMAXABiAGkAcAB4AIMAhQCIAIoAjACPAJEAkwCdAKoArwC3ALkCRwJMAlUCYAJkAnICeQKCArYCuwK+AAAAAAAAAgEAAAAAAAAAKAAAAAAAAAAAAAAAAAAAAss=}}

@incollection{W:1964oq,
	Author = {Rall W},
	Booktitle = {Neuronal Theory and modeling},
	Date-Added = {2010-01-08 14:41:19 -0600},
	Date-Modified = {2010-01-08 14:43:26 -0600},
	Editor = {Reiss R F},
	Pages = {73--97},
	Publisher = {Stanford CA: Stanford University Press},
	Title = {Theoretical significance of dendritic trees for neuronal input-output relations},
	Year = {1964}}

@article{W:1962nx,
	Author = {Rall W},
	Date-Added = {2010-01-08 14:36:06 -0600},
	Date-Modified = {2010-01-08 14:40:44 -0600},
	Journal = {Annals of the New York Academy of Sciences},
	Pages = {1071--1092},
	Title = {Theroy of physiological properties of dendrites},
	Volume = {96},
	Year = {1962}}

@article{R:1989cr,
	Author = {Holmes W R and Woody C D},
	Date-Added = {2010-01-08 12:21:19 -0600},
	Date-Modified = {2010-01-08 12:23:31 -0600},
	Journal = {Brain Research},
	Pages = {12--22},
	Title = {Effects of uniform and non-uniform synaptic `activation-distributions' on cable properties of modeled cortical pyramidal neurons},
	Volume = {505},
	Year = {1989},
	Bdsk-File-1 = {YnBsaXN0MDDUAQIDBAUGCQpYJHZlcnNpb25UJHRvcFkkYXJjaGl2ZXJYJG9iamVjdHMSAAGGoNEHCFRyb290gAFfEA9OU0tleWVkQXJjaGl2ZXKoCwwXGBkdJCVVJG51bGzTDQ4PEBEUViRjbGFzc1dOUy5rZXlzWk5TLm9iamVjdHOAB6ISE4ACgAOiFRaABIAGWWFsaWFzRGF0YVxyZWxhdGl2ZVBhdGjSDRobHFdOUy5kYXRhgAVPEQJGAAAAAAJGAAIAAAlhZGNtb2JpbGUAAAAAAAAAAAAAAAAAAAAAAADBcTjpSCsAAAFUCf0TQnJhaW5SZXMuNTA1LjEyLnBkZgAAAAAAAAAAAAAAAAAAAAAAAAAAAAAAAAAAAAAAAAAAAAAAAAAAAAAAAAAAAVQbisds1LUAAAAAAAAAAAACAAIAAAkgAAAAAAAAAAAAAAAAAAAAH3B1Yi1wdXJraW5qZS1kZXNjaHV0dGVyIzE1NDA5RkQAABAACAAAwXGNSQAAABEACAAAx20pFQAAAAEAIAFUCf0BC4S4AQuEtwELhLYBC4S1AUDyWAAH2SQAAG8ZAAIAfWFkY21vYmlsZTpVc2VyczphZGNtb2JpbGU6bmV1cm9zcGFjZXNfcHJvamVjdDp1c2VyZG9jczpzb3VyY2U6c25hcHNob3RzOjA6cHViLXB1cmtpbmplLWRlc2NodXR0ZXIjMTU0MDlGRDpCcmFpblJlcy41MDUuMTIucGRmAAAOACgAEwBCAHIAYQBpAG4AUgBlAHMALgA1ADAANQAuADEAMgAuAHAAZABmAA8AFAAJAGEAZABjAG0AbwBiAGkAbABlABIAdlVzZXJzL2FkY21vYmlsZS9uZXVyb3NwYWNlc19wcm9qZWN0L3VzZXJkb2NzL3NvdXJjZS9zbmFwc2hvdHMvMC9wdWItcHVya2luamUtZGVzY2h1dHRlci1tb3JwaG9sb2d5L0JyYWluUmVzLjUwNS4xMi5wZGYAEwABLwAAFQACABD//wAA0h4fICFYJGNsYXNzZXNaJGNsYXNzbmFtZaMhIiNdTlNNdXRhYmxlRGF0YVZOU0RhdGFYTlNPYmplY3RfEDwuLi8uLi9wdWItcHVya2luamUtZGVzY2h1dHRlci1tb3JwaG9sb2d5L0JyYWluUmVzLjUwNS4xMi5wZGbSHh8mJ6InI1xOU0RpY3Rpb25hcnkACAARABoAHwApADIANwA6AD8AQQBTAFwAYgBpAHAAeACDAIUAiACKAIwAjwCRAJMAnQCqAK8AtwC5AwMDCAMRAxwDIAMuAzUDPgN9A4IDhQAAAAAAAAIBAAAAAAAAACgAAAAAAAAAAAAAAAAAAAOS}}

@article{J:1988dq,
	Author = {Harvey R J and Napper R M},
	Date-Added = {2010-01-08 11:02:12 -0600},
	Date-Modified = {2010-01-08 11:03:33 -0600},
	Journal = {Progress in Neurobiology},
	Pages = {437-463},
	Title = {Quantitative studies of the mammalian cerebellum},
	Volume = {36},
	Year = {1988},
	Bdsk-File-1 = {YnBsaXN0MDDUAQIDBAUGCQpYJHZlcnNpb25UJHRvcFkkYXJjaGl2ZXJYJG9iamVjdHMSAAGGoNEHCFRyb290gAFfEA9OU0tleWVkQXJjaGl2ZXKoCwwXGBkdJCVVJG51bGzTDQ4PEBEUViRjbGFzc1dOUy5rZXlzWk5TLm9iamVjdHOAB6ISE4ACgAOiFRaABIAGWWFsaWFzRGF0YVxyZWxhdGl2ZVBhdGjSDRobHFdOUy5kYXRhgAVPEQJaAAAAAAJaAAIAAAlhZGNtb2JpbGUAAAAAAAAAAAAAAAAAAAAAAADBcTjpSCsAAAFUCf0YUHJvZ05ldXJvYmlvbC4zNi40MzcucGRmAAAAAAAAAAAAAAAAAAAAAAAAAAAAAAAAAAAAAAAAAAAAAAAAAAAAAVSCRsdtDY8AAAAAAAAAAAACAAIAAAkgAAAAAAAAAAAAAAAAAAAAH3B1Yi1wdXJraW5qZS1kZXNjaHV0dGVyIzE1NDA5RkQAABAACAAAwXGNSQAAABEACAAAx21h7wAAAAEAIAFUCf0BC4S4AQuEtwELhLYBC4S1AUDyWAAH2SQAAG8ZAAIAgmFkY21vYmlsZTpVc2VyczphZGNtb2JpbGU6bmV1cm9zcGFjZXNfcHJvamVjdDp1c2VyZG9jczpzb3VyY2U6c25hcHNob3RzOjA6cHViLXB1cmtpbmplLWRlc2NodXR0ZXIjMTU0MDlGRDpQcm9nTmV1cm9iaW9sLjM2LjQzNy5wZGYADgAyABgAUAByAG8AZwBOAGUAdQByAG8AYgBpAG8AbAAuADMANgAuADQAMwA3AC4AcABkAGYADwAUAAkAYQBkAGMAbQBvAGIAaQBsAGUAEgB7VXNlcnMvYWRjbW9iaWxlL25ldXJvc3BhY2VzX3Byb2plY3QvdXNlcmRvY3Mvc291cmNlL3NuYXBzaG90cy8wL3B1Yi1wdXJraW5qZS1kZXNjaHV0dGVyLW1vcnBob2xvZ3kvUHJvZ05ldXJvYmlvbC4zNi40MzcucGRmAAATAAEvAAAVAAIAEP//AADSHh8gIVgkY2xhc3Nlc1okY2xhc3NuYW1loyEiI11OU011dGFibGVEYXRhVk5TRGF0YVhOU09iamVjdF8QQS4uLy4uL3B1Yi1wdXJraW5qZS1kZXNjaHV0dGVyLW1vcnBob2xvZ3kvUHJvZ05ldXJvYmlvbC4zNi40MzcucGRm0h4fJieiJyNcTlNEaWN0aW9uYXJ5AAgAEQAaAB8AKQAyADcAOgA/AEEAUwBcAGIAaQBwAHgAgwCFAIgAigCMAI8AkQCTAJ0AqgCvALcAuQMXAxwDJQMwAzQDQgNJA1IDlgObA54AAAAAAAACAQAAAAAAAAAoAAAAAAAAAAAAAAAAAAADqw==}}

@article{M:1988bh,
	Author = {Harris K M and Stevens J K},
	Date-Added = {2010-01-08 10:43:14 -0600},
	Date-Modified = {2010-01-08 11:01:14 -0600},
	Journal = {Journal of Neuroscience},
	Pages = {4455-4469},
	Title = {Dendritic spine of rat cerebellar Purkinje cells: Serial electron microscopy with reference to their biophysical characteristics},
	Volume = {8},
	Year = {1988},
	Bdsk-File-1 = {YnBsaXN0MDDUAQIDBAUGCQpYJHZlcnNpb25UJHRvcFkkYXJjaGl2ZXJYJG9iamVjdHMSAAGGoNEHCFRyb290gAFfEA9OU0tleWVkQXJjaGl2ZXKoCwwXGBkdJCVVJG51bGzTDQ4PEBEUViRjbGFzc1dOUy5rZXlzWk5TLm9iamVjdHOAB6ISE4ACgAOiFRaABIAGWWFsaWFzRGF0YVxyZWxhdGl2ZVBhdGjSDRobHFdOUy5kYXRhgAVPEQJKAAAAAAJKAAIAAAlhZGNtb2JpbGUAAAAAAAAAAAAAAAAAAAAAAADBcTjpSCsAAAFUCf0USk5ldXJvc2NpLjguNDQ1NS5wZGYAAAAAAAAAAAAAAAAAAAAAAAAAAAAAAAAAAAAAAAAAAAAAAAAAAAAAAAAAAVQR4cdsv+IAAAAAAAAAAAACAAIAAAkgAAAAAAAAAAAAAAAAAAAAH3B1Yi1wdXJraW5qZS1kZXNjaHV0dGVyIzE1NDA5RkQAABAACAAAwXGNSQAAABEACAAAx20UQgAAAAEAIAFUCf0BC4S4AQuEtwELhLYBC4S1AUDyWAAH2SQAAG8ZAAIAfmFkY21vYmlsZTpVc2VyczphZGNtb2JpbGU6bmV1cm9zcGFjZXNfcHJvamVjdDp1c2VyZG9jczpzb3VyY2U6c25hcHNob3RzOjA6cHViLXB1cmtpbmplLWRlc2NodXR0ZXIjMTU0MDlGRDpKTmV1cm9zY2kuOC40NDU1LnBkZgAOACoAFABKAE4AZQB1AHIAbwBzAGMAaQAuADgALgA0ADQANQA1AC4AcABkAGYADwAUAAkAYQBkAGMAbQBvAGIAaQBsAGUAEgB3VXNlcnMvYWRjbW9iaWxlL25ldXJvc3BhY2VzX3Byb2plY3QvdXNlcmRvY3Mvc291cmNlL3NuYXBzaG90cy8wL3B1Yi1wdXJraW5qZS1kZXNjaHV0dGVyLW1vcnBob2xvZ3kvSk5ldXJvc2NpLjguNDQ1NS5wZGYAABMAAS8AABUAAgAQ//8AANIeHyAhWCRjbGFzc2VzWiRjbGFzc25hbWWjISIjXU5TTXV0YWJsZURhdGFWTlNEYXRhWE5TT2JqZWN0XxA9Li4vLi4vcHViLXB1cmtpbmplLWRlc2NodXR0ZXItbW9ycGhvbG9neS9KTmV1cm9zY2kuOC40NDU1LnBkZtIeHyYnoicjXE5TRGljdGlvbmFyeQAIABEAGgAfACkAMgA3ADoAPwBBAFMAXABiAGkAcAB4AIMAhQCIAIoAjACPAJEAkwCdAKoArwC3ALkDBwMMAxUDIAMkAzIDOQNCA4IDhwOKAAAAAAAAAgEAAAAAAAAAKAAAAAAAAAAAAAAAAAAAA5c=}}

@article{Rapp-P:1994qf,
	Author = {Rapp P, Segev I and Yarom Y},
	Date-Added = {2010-01-08 10:25:05 -0600},
	Date-Modified = {2010-01-08 12:17:47 -0600},
	Journal = {Journal of Physiology (Lond.)},
	Pages = {101-118},
	Title = {Physiology, morphology, and detailed passive models of cerebellar Purkinje cells.},
	Volume = {474},
	Year = {1994},
	Bdsk-File-1 = {YnBsaXN0MDDUAQIDBAUGCQpYJHZlcnNpb25UJHRvcFkkYXJjaGl2ZXJYJG9iamVjdHMSAAGGoNEHCFRyb290gAFfEA9OU0tleWVkQXJjaGl2ZXKoCwwXGBkdJCVVJG51bGzTDQ4PEBEUViRjbGFzc1dOUy5rZXlzWk5TLm9iamVjdHOAB6ISE4ACgAOiFRaABIAGWWFsaWFzRGF0YVxyZWxhdGl2ZVBhdGjSDRobHFdOUy5kYXRhgAVPEQJUAAAAAAJUAAIAAAlhZGNtb2JpbGUAAAAAAAAAAAAAAAAAAAAAAADBcTjpSCsAAAFS0pIXSlBoeXNpb2xvZ3kuNDc0LjEwMS5wZGYAAAAAAAAAAAAAAAAAAAAAAAAAAAAAAAAAAAAAAAAAAAAAAAAAAAAAAVMEmMdf5l4AAAAAAAAAAAACAAIAAAkgAAAAAAAAAAAAAAAAAAAAH3B1Yi1wdXJraW5qZS1kZXNjaHV0dGVyIzE1MkQyOTIAABAACAAAwXGNSQAAABEACAAAx2A6vgAAAAEAIAFS0pIBC4S4AQuEtwELhLYBC4S1AUDyWAAH2SQAAG8ZAAIAgWFkY21vYmlsZTpVc2VyczphZGNtb2JpbGU6bmV1cm9zcGFjZXNfcHJvamVjdDp1c2VyZG9jczpzb3VyY2U6c25hcHNob3RzOjA6cHViLXB1cmtpbmplLWRlc2NodXR0ZXIjMTUyRDI5MjpKUGh5c2lvbG9neS40NzQuMTAxLnBkZgAADgAwABcASgBQAGgAeQBzAGkAbwBsAG8AZwB5AC4ANAA3ADQALgAxADAAMQAuAHAAZABmAA8AFAAJAGEAZABjAG0AbwBiAGkAbABlABIAeFVzZXJzL2FkY21vYmlsZS9uZXVyb3NwYWNlc19wcm9qZWN0L3VzZXJkb2NzL3NvdXJjZS9zbmFwc2hvdHMvMC9wdWItcHVya2luamUtZGVzY2h1dHRlci1saW5lYWdlcy9KUGh5c2lvbG9neS40NzQuMTAxLnBkZgATAAEvAAAVAAIAEP//AADSHh8gIVgkY2xhc3Nlc1okY2xhc3NuYW1loyEiI11OU011dGFibGVEYXRhVk5TRGF0YVhOU09iamVjdF8QPi4uLy4uL3B1Yi1wdXJraW5qZS1kZXNjaHV0dGVyLWxpbmVhZ2VzL0pQaHlzaW9sb2d5LjQ3NC4xMDEucGRm0h4fJieiJyNcTlNEaWN0aW9uYXJ5AAgAEQAaAB8AKQAyADcAOgA/AEEAUwBcAGIAaQBwAHgAgwCFAIgAigCMAI8AkQCTAJ0AqgCvALcAuQMRAxYDHwMqAy4DPANDA0wDjQOSA5UAAAAAAAACAQAAAAAAAAAoAAAAAAAAAAAAAAAAAAADog==}}

@article{W:1966ve,
	Author = {Cooley J W and Dodge F A Jr},
	Date-Added = {2010-01-07 18:51:26 -0600},
	Date-Modified = {2010-01-07 18:54:12 -0600},
	Journal = {Biophysical Journal},
	Pages = {583-599},
	Title = {Digital computer solutions for  excitation and propagation of the nerve impulse},
	Volume = {6},
	Year = {1966}}

@article{R:1980ly,
	Author = {Llin{\'a}s R R and Sugimori M},
	Date-Added = {2010-01-06 19:20:06 -0600},
	Date-Modified = {2010-01-07 18:49:50 -0600},
	Journal = {Journal of Physiology (Lond.)},
	Pages = {171-195},
	Title = {Electrophysiological properties of in vitro Purkinje cell somata in mammalian cerebellar slices},
	Year = {1980}}

@book{B:1991zr,
	Author = {Hille B},
	Date-Added = {2010-01-06 19:17:23 -0600},
	Date-Modified = {2010-01-06 19:18:39 -0600},
	Publisher = {Sunderland MA: Sinauer},
	Title = {Ionic Channels of Excitable Membranes},
	Year = {1991}}

@incollection{R:1992ys,
	Author = {Holmes W R and Rall W},
	Booktitle = {Single Neuron Computation},
	Date-Added = {2010-01-06 19:00:32 -0600},
	Date-Modified = {2010-01-06 19:16:35 -0600},
	Editor = {McKenna T and Davis J and Zornetzer S},
	Pages = {7-25},
	Publisher = {NY: Academic},
	Title = {Electrotonic models of neuronal dendrites and single neuron computation},
	Year = {1992}}

@article{De-Schutter-E:1994vn,
	Author = {{De Schutter} E and Bower JM},
	Date-Added = {2010-01-06 17:41:42 -0600},
	Date-Modified = {2010-01-07 19:05:35 -0600},
	Journal = {Journal of Nerurophysiology},
	Pages = {375--400},
	Title = {An active membrane model of the cerebellar Purkinje cell {I}. {S}imulation of current clamp in slice},
	Volume = {71},
	Year = {1994},
	Bdsk-File-1 = {YnBsaXN0MDDUAQIDBAUGCQpYJHZlcnNpb25UJHRvcFkkYXJjaGl2ZXJYJG9iamVjdHMSAAGGoNEHCFRyb290gAFfEA9OU0tleWVkQXJjaGl2ZXKoCwwXGBkdJCVVJG51bGzTDQ4PEBEUViRjbGFzc1dOUy5rZXlzWk5TLm9iamVjdHOAB6ISE4ACgAOiFRaABIAGWWFsaWFzRGF0YVxyZWxhdGl2ZVBhdGjSDRobHFdOUy5kYXRhgAVPEQJYAAAAAAJYAAIAAAlhZGNtb2JpbGUAAAAAAAAAAAAAAAAAAAAAAADBcTjpSCsAAAFS0pIYSk5ldXJvcGh5c2lvbC43MS4zNzUucGRmAAAAAAAAAAAAAAAAAAAAAAAAAAAAAAAAAAAAAAAAAAAAAAAAAAAAAVMElsVlpkwAAAAAAAAAAAACAAIAAAkgAAAAAAAAAAAAAAAAAAAAH3B1Yi1wdXJraW5qZS1kZXNjaHV0dGVyIzE1MkQyOTIAABAACAAAwXGNSQAAABEACAAAxWX6rAAAAAEAIAFS0pIBC4S4AQuEtwELhLYBC4S1AUDyWAAH2SQAAG8ZAAIAgmFkY21vYmlsZTpVc2VyczphZGNtb2JpbGU6bmV1cm9zcGFjZXNfcHJvamVjdDp1c2VyZG9jczpzb3VyY2U6c25hcHNob3RzOjA6cHViLXB1cmtpbmplLWRlc2NodXR0ZXIjMTUyRDI5MjpKTmV1cm9waHlzaW9sLjcxLjM3NS5wZGYADgAyABgASgBOAGUAdQByAG8AcABoAHkAcwBpAG8AbAAuADcAMQAuADMANwA1AC4AcABkAGYADwAUAAkAYQBkAGMAbQBvAGIAaQBsAGUAEgB5VXNlcnMvYWRjbW9iaWxlL25ldXJvc3BhY2VzX3Byb2plY3QvdXNlcmRvY3Mvc291cmNlL3NuYXBzaG90cy8wL3B1Yi1wdXJraW5qZS1kZXNjaHV0dGVyLWxpbmVhZ2VzL0pOZXVyb3BoeXNpb2wuNzEuMzc1LnBkZgAAEwABLwAAFQACABD//wAA0h4fICFYJGNsYXNzZXNaJGNsYXNzbmFtZaMhIiNdTlNNdXRhYmxlRGF0YVZOU0RhdGFYTlNPYmplY3RfED8uLi8uLi9wdWItcHVya2luamUtZGVzY2h1dHRlci1saW5lYWdlcy9KTmV1cm9waHlzaW9sLjcxLjM3NS5wZGbSHh8mJ6InI1xOU0RpY3Rpb25hcnkACAARABoAHwApADIANwA6AD8AQQBTAFwAYgBpAHAAeACDAIUAiACKAIwAjwCRAJMAnQCqAK8AtwC5AxUDGgMjAy4DMgNAA0cDUAOSA5cDmgAAAAAAAAIBAAAAAAAAACgAAAAAAAAAAAAAAAAAAAOn}}

@article{Rapp-M:1992kx,
	Author = {Rapp M, Yarom Y and Segev I},
	Date-Added = {2010-01-06 17:34:36 -0600},
	Date-Modified = {2010-01-06 18:23:22 -0600},
	Journal = {Neural Computation},
	Pages = {518--533},
	Title = {The impact of parallel fiber background activity on the cable properties of cerebellar Purkinje cells},
	Volume = {4},
	Year = {1992}}

@article{C-R-French:1990uq,
	Author = {C R French, P Sah, K J Buckett and P W Gage},
	Date-Added = {2010-01-06 17:23:38 -0600},
	Date-Modified = {2010-01-06 18:23:10 -0600},
	Journal = {The Journal of General Physiology},
	Pages = {1139-1157},
	Title = {A Voltage-dependent Persistent Sodium Current in Mammalian Hippocampal A Voltage-dependent persistent sodium current in mammalian hippocampal neurons.},
	Volume = {95},
	Year = {1990},
	Bdsk-File-1 = {YnBsaXN0MDDUAQIDBAUGCQpYJHZlcnNpb25UJHRvcFkkYXJjaGl2ZXJYJG9iamVjdHMSAAGGoNEHCFRyb290gAFfEA9OU0tleWVkQXJjaGl2ZXKoCwwXGBkdJCVVJG51bGzTDQ4PEBEUViRjbGFzc1dOUy5rZXlzWk5TLm9iamVjdHOAB6ISE4ACgAOiFRaABIAGWWFsaWFzRGF0YVxyZWxhdGl2ZVBhdGjSDRobHFdOUy5kYXRhgAVPEQJUAAAAAAJUAAIAAAlhZGNtb2JpbGUAAAAAAAAAAAAAAAAAAAAAAADBcTjpSCsAAAFS0pIXSkdlblBoeXNpb2wuOTUuMTEzOS5wZGYAAAAAAAAAAAAAAAAAAAAAAAAAAAAAAAAAAAAAAAAAAAAAAAAAAAAAAVMEa8dhEXYAAAAAAAAAAAACAAIAAAkgAAAAAAAAAAAAAAAAAAAAH3B1Yi1wdXJraW5qZS1kZXNjaHV0dGVyIzE1MkQyOTIAABAACAAAwXGNSQAAABEACAAAx2Fl1gAAAAEAIAFS0pIBC4S4AQuEtwELhLYBC4S1AUDyWAAH2SQAAG8ZAAIAgWFkY21vYmlsZTpVc2VyczphZGNtb2JpbGU6bmV1cm9zcGFjZXNfcHJvamVjdDp1c2VyZG9jczpzb3VyY2U6c25hcHNob3RzOjA6cHViLXB1cmtpbmplLWRlc2NodXR0ZXIjMTUyRDI5MjpKR2VuUGh5c2lvbC45NS4xMTM5LnBkZgAADgAwABcASgBHAGUAbgBQAGgAeQBzAGkAbwBsAC4AOQA1AC4AMQAxADMAOQAuAHAAZABmAA8AFAAJAGEAZABjAG0AbwBiAGkAbABlABIAeFVzZXJzL2FkY21vYmlsZS9uZXVyb3NwYWNlc19wcm9qZWN0L3VzZXJkb2NzL3NvdXJjZS9zbmFwc2hvdHMvMC9wdWItcHVya2luamUtZGVzY2h1dHRlci1saW5lYWdlcy9KR2VuUGh5c2lvbC45NS4xMTM5LnBkZgATAAEvAAAVAAIAEP//AADSHh8gIVgkY2xhc3Nlc1okY2xhc3NuYW1loyEiI11OU011dGFibGVEYXRhVk5TRGF0YVhOU09iamVjdF8QPi4uLy4uL3B1Yi1wdXJraW5qZS1kZXNjaHV0dGVyLWxpbmVhZ2VzL0pHZW5QaHlzaW9sLjk1LjExMzkucGRm0h4fJieiJyNcTlNEaWN0aW9uYXJ5AAgAEQAaAB8AKQAyADcAOgA/AEEAUwBcAGIAaQBwAHgAgwCFAIgAigCMAI8AkQCTAJ0AqgCvALcAuQMRAxYDHwMqAy4DPANDA0wDjQOSA5UAAAAAAAACAQAAAAAAAAAoAAAAAAAAAAAAAAAAAAADog==}}
